<record xmlns:xsi="http://www.w3.org/2001/XMLSchema-instance" xmlns="http://www.loc.gov/MARC21/slim" xsi:schemaLocation="http://www.loc.gov/MARC21/slim http://www.loc.gov/standards/marcxml/schema/MARC21slim.xsd">

  <leader>00992nam a2200241   4500</leader>
  <datafield ind2=" " ind1=" " tag="999">
    <subfield code="c">3508</subfield>
    <subfield code="d">3508</subfield>
  </datafield>
  <controlfield tag="008">180619b2015    sp ||||| |||| 00| | spa d</controlfield>
  <datafield tag="020" ind1=" " ind2=" ">
    <subfield code="a">9788490772324</subfield>
  </datafield>
  <datafield ind2=" " ind1=" " tag="090">
    <subfield code="a">01.02.07</subfield>
    <subfield code="b">2470</subfield>
  </datafield>
  <datafield tag="100" ind1=" " ind2=" ">
    <subfield code="9">3784</subfield>
    <subfield code="a">Coca Villar, Cristina E.</subfield>
    <subfield code="q">Coordinador/a</subfield>
  </datafield>
  <datafield tag="245" ind1="1" ind2="0">
    <subfield code="a">Estudios en cultura de paz, conflictos, educación y derechos humanos: In memorian Francisco A. Muñoz  / </subfield>
    <subfield code="c">Criatina E. Coca Villar, Eulogio García Vallinas, Víctor M. Martín Solbes y Carmen Ramírez Hurtado (coordinadores)</subfield>
  </datafield>
  <datafield ind2=" " tag="260" ind1=" ">
    <subfield code="a">Madrid :</subfield>
    <subfield code="b">síntesis, </subfield>
    <subfield code="c">[2015]</subfield>
  </datafield>
  <datafield ind2=" " tag="300" ind1=" ">
    <subfield code="a">272 páginas</subfield>
  </datafield>
  <datafield ind1=" " tag="490" ind2=" ">
    <subfield code="a">Psicología / Educación,</subfield>
    <subfield code="v">13</subfield>
  </datafield>
  <datafield ind2="4" tag="650" ind1="1">
    <subfield code="9">725</subfield>
    <subfield code="a">PAZ</subfield>
  </datafield>
  <datafield ind1="1" tag="650" ind2="4">
    <subfield code="9">1028</subfield>
    <subfield code="a">ANÁLISIS DE GÉNERO </subfield>
  </datafield>
  <datafield ind1="1" tag="650" ind2="4">
    <subfield code="9">588</subfield>
    <subfield code="a">DERECHOS HUMANOS</subfield>
  </datafield>
  <datafield ind1="1" tag="650" ind2="4">
    <subfield code="9">726</subfield>
    <subfield code="a">EDUCACIÓN PARA LA PAZ</subfield>
  </datafield>
  <datafield ind2="4" tag="650" ind1="1">
    <subfield code="9">493</subfield>
    <subfield code="a">JUSTICIA SOCIAL</subfield>
  </datafield>
  <datafield ind2=" " tag="700" ind1=" ">
    <subfield code="9">3785</subfield>
    <subfield code="a">García Vallinas, Eulogio</subfield>
    <subfield code="e">Coordinador/a</subfield>
  </datafield>
  <datafield ind2=" " tag="700" ind1=" ">
    <subfield code="9">3786</subfield>
    <subfield code="a">Martín Solbes, Víctor M.</subfield>
    <subfield code="e">Coordinador/a</subfield>
  </datafield>
  <datafield ind2=" " tag="700" ind1=" ">
    <subfield code="9">3787</subfield>
    <subfield code="a">Ramírez Hurtado, Carmen</subfield>
    <subfield code="e">Coordinador/a</subfield>
  </datafield>
  <datafield ind1=" " tag="942" ind2=" ">
    <subfield code="2">z</subfield>
    <subfield code="c">01</subfield>
  </datafield>
</record>